@book{Gronau+2021,
url = {https://doi.org/10.1515/9783110663396},
title = {ERP-Systeme},
title = {Architektur, Management und Funktionen des Enterprise Resource Planning},
author = {Norbert Gronau},
publisher = {De Gruyter Oldenbourg},
address = {Berlin, Boston},
doi = {doi:10.1515/9783110663396},
isbn = {9783110663396},
year = {2021},
lastchecked = {2025-03-21}
}
@article{Mandava2024Transforming,title={Transforming Pharmaceutical Supply Chain Management with Innovative SAP Technologies},author={Hariprasad Mandava},journal={International Journal of Scientific Research in Computer Science, Engineering and Information Technology},year={2024},doi={10.32628/cseit2410472}}
@article{San2013ENTERPRISE,title={ENTERPRISE RESOURCE PLANNING (ERP) - A TOOL FOR UNINTERRUPTED SUPPLY IN PHARMACEUTICAL SUPPLY CHAIN MANAGEMENT},author={Sudheep Gou D San},year={2013},doi={}}
@article{Singh2022Post-implementation,title={Post-implementation challenges of ERP system in pharmaceutical companies},author={Shikha Singh and Smriti Singh and S. Misra},journal={International Journal of Quality & Reliability Management},year={2022},doi={10.1108/ijqrm-10-2020-0333}}
@article{Hasan2023Impact,title={Impact of ERP Adoption and Utilisation on Supply Chain Performance in Pharma Industry},author={S. Hasan and Hannan Hafeez and Satya Shah},journal={2023 28th International Conference on Automation and Computing (ICAC)},year={2023},pages={1-6},doi={10.1109/ICAC57885.2023.10275275}}
@article{Saifi,2024Supply,title={Supply Chain Management in the Indian Pharmaceutical Industry: Challenges, Innovations, and Future Directions},author={Usama Saifi,},journal={INTERANTIONAL JOURNAL OF SCIENTIFIC RESEARCH IN ENGINEERING AND MANAGEMENT},year={2024},doi={10.55041/ijsrem34280}}
@article{shashi2023sustainable,
  title={Sustainable digitalization in pharmaceutical supply chains using theory of constraints: A qualitative study},
  author={Shashi, Manish},
  journal={Sustainability},
  volume={15},
  number={11},
  pages={8752},
  year={2023},
  publisher={MDPI}
}